@article{历次猪周期回顾及本轮周期展望,
  title={历次猪周期回顾及本轮周期展望},
  author={财经自媒体},
  journal={新浪财经},
  year={2021-06-16},
}

@article{2021年我国生猪价格走势及未来市场变化分析,
  title={2021年我国生猪价格走势及未来市场变化分析},
  author={},
  journal={腾讯网},
  year={2021-08-09},
}

@article{猪易数据,
  title={生猪平均价格},
  author={},
  journal={猪易数据},
  year={},
}

@article{CPI,
  title={CPI},
  author={},
  journal={汇聚数据},
  year={},
}

@article{Hodrick-Prescott(HP)过滤器是指数据平滑技术,
  title={HP滤波(Hodrick Prescott Filter)},
  author={python机器学习建模},
  journal={CSDN},
  year={2021},
}

@article{ARIMA预测模型,
  title={ARIMA预测模型},
  author={石显},
  journal={数据挖掘与工程算法},
  year={2021},
}

@article{基于HP滤波和ARIMA模型的我国GDP分析与预测,
  title={基于HP滤波和ARIMA模型的我国GDP分析与预测},
  author={吴齐 and 杨桂元 and 戚琪},
  journal={滁州学院学报},
  year={2015},
}

@article{4月证监会近日批,
  title={生猪期货系列报告（四）： 猪周期介绍},
  author={潘钰烛 and 韦蕾 and 陈乾},
  journal={长江期货},
  year={2020},
}