@article{高空抛物罪首案的警示意义,
  title={高空抛物罪首案的警示意义},
  author={},
  journal={北京青年报},
  year={2021},
}

@article{《数学建模(第五版)》,
  title={《数学建模(第五版)》},
  author={姜启源 and 谢金星 and 叶俊},
  journal={高等教育出版社},
  year={2018},
}