
@misc{数据,
  title = {National Data 国家数据},
  author = {国家统计局},
  year = {2022},
  howpublished = {\url{https://data.stats.gov.cn/easyquery.htm?cn=A01}},
  note = {Accessed 2022},
}

@article{何叶20202020,
  title={2020 年第一季度农产品集贸市场价格分析},
  author={何叶},
  journal={广东蚕业},
  year={2020}
}

@article{屠星月2014基于时间序列与,
  title={基于时间序列与 RBF 的农产品市场价格短期预测模型},
  author={屠星月 and 薛佳妮 and 郭承坤 and 封文杰 and 陈英义},
  journal={广东农业科学},
  volume={41},
  number={23},
  pages={168--173},
  year={2014}
}

@article{数学建模HW2实验报告,
  title={数学建模 HW2 实验报告（猪周期）},
  author={马宇骁},
  journal={数学建模},
  year={2022}
}

@article{李晓2019一季度农产品价格呈季节性上涨走势,
  title={一季度农产品价格呈季节性上涨走势},
  author={李晓},
  journal={农家致富},
  volume={10},
  year={2019}
}

@book{tsay2005analysis,
  title={Analysis of financial time series},
  author={Tsay, Ruey S},
  year={2005},
  publisher={John wiley \& sons}
}

@book{aimethod,
  author = {Stuart J.Russell and Peter Norvig}, 
  title = {人工智能：一种现代的方法(第3版)},
  publisher = {清华大学出版社},
  address = {北京清华大学学研大厦A座},
  year = 2013,
  isbn = {9787302331094}
}