
@misc{东京2020奥运观赛指南：乒乓球,
  title = {东京2020奥运观赛指南：乒乓球},
  author = {ZK Goh},
  year = {2021},
  howpublished = {\url{https://olympics.com/zh/featured-news/things-to-know-olympic-table-tennis-tokyo-2020}},
  note = {Accessed 2022},
}

@article{张瑛秋2019东京奥运会乒乓球团体赛制改革背景下中国队夺金策略,
  title={东京奥运会乒乓球团体赛制改革背景下中国队夺金策略--基于团体新赛制及其排阵策略的视角},
  author={张瑛秋 and 周星栋 and 金烨 and 包晓辉},
  journal={北京体育大学学报},
  volume={42},
  number={12},
  pages={44--52},
  year={2019}
}

@article{吴天滨1988团体赛排阵的数学方法,
  title={团体赛排阵的数学方法},
  author={吴天滨},
  journal={山东体育科技},
  number={2},
  pages={49--51},
  year={1988}
}

@misc{Rankings,
  title = {ITTF Table Tennis World Ranking},
  author = {ITTF},
  year = {2021},
  howpublished = {\url{https://www.ittf.com/rankings/}},
  note = {Accessed 2022},
}

@book{aimethod,
  author = {Stuart J.Russell and Peter Norvig}, 
  title = {人工智能：一种现代的方法(第3版)},
  publisher = {清华大学出版社},
  address = {北京清华大学学研大厦A座},
  year = 2013,
  isbn = {9787302331094}
}